<record><leader>00000cas a22000007a 4500</leader><controlfield tag="001">16687696</controlfield><controlfield tag="008">870915d188719uuiauwr ne      0    0eng d</controlfield><datafield ind1=" " ind2=" " tag="010"><subfield code="a">sn 87057938 </subfield></datafield><datafield ind1=" " ind2=" " tag="040"><subfield code="a">INP</subfield><subfield code="b">eng</subfield><subfield code="c">INP</subfield><subfield code="d">OCLCQ</subfield></datafield><datafield ind1=" " ind2=" " tag="042"><subfield code="a">msc</subfield></datafield><datafield ind1="0" ind2="4" tag="245"><subfield code="a">The Charter Oak times.</subfield></datafield><datafield ind1=" " ind2=" " tag="260"><subfield code="a">Charter Oak, Iowa :</subfield><subfield code="b">H.H. Sturges</subfield></datafield><datafield ind1=" " ind2=" " tag="300"><subfield code="a">v.</subfield></datafield><datafield ind1=" " ind2=" " tag="310"><subfield code="a">Weekly</subfield></datafield><datafield ind1="1" ind2=" " tag="362"><subfield code="a">Began in June 1887.</subfield></datafield><datafield ind1=" " ind2=" " tag="500"><subfield code="a">Publisher varies.</subfield></datafield><datafield ind1=" " ind2=" " tag="515"><subfield code="a">Vol. 63, no. 19 (Nov. 17, 1949) misdated Nov. 10, 1949.</subfield></datafield><datafield ind1=" " ind2=" " tag="588"><subfield code="a">Description based on: Vol. 32, no. 29 (Feb. 12, 1919).</subfield></datafield><datafield ind1=" " ind2=" " tag="752"><subfield code="a">United States</subfield><subfield code="b">Iowa</subfield><subfield code="c">Crawford</subfield><subfield code="d">Charter Oak.</subfield></datafield><datafield ind1="0" ind2="7" tag="785"><subfield code="t">Ute independent</subfield></datafield><datafield ind1="0" ind2="7" tag="785"><subfield code="t">Charter Oak-Ute newspaper</subfield><subfield code="w">(DLC)sn 87057853</subfield></datafield></record>